@book{newton1726philosophiae,
  title     = {Philosophiae naturalis principia mathematica},
  author    = {Newton, I.},
  url       = {https://books.google.com/books?id=WeZ09rjv-1kC},
  year      = {1726},
  publisher = {Innys}
}
@book{Gravner2021,
  author         = {Janko Gravner},
  publisher      = {sbd},
  title          = {Lecture Notes for Introductory Probability Introduction to Probability},
  year           = {2021},
  url = {https://www.math.ucdavis.edu/~gravner/MAT135A/resources/lecturenotes.pdf}
}
@book{IntroPanchenko,
  author         = {Dmitry Panchenko},
  title          = {Introduction to Probability Theory},
  year           = {2019},
  url = {https://drive.google.com/file/d/1Rpkr-NCEyqygvypR65RznaZkb36KHB29/view}
}
@book{Und_Chatterjee,
  author         = {Sourav Chatterjee},
  title          = {Lecture Notes For MATH151},
  url = {https://souravchatterjee.su.domains//math151notes.pdf}
}